@inproceedings {twine,
author = {Chunqiang Tang and Kenny Yu and Kaushik Veeraraghavan and Jonathan Kaldor and Scott Michelson and Thawan Kooburat and Aravind Anbudurai and Matthew Clark and Kabir Gogia and Long Cheng and Ben Christensen and Alex Gartrell and Maxim Khutornenko and Sachin Kulkarni and Marcin Pawlowski and Tuomas Pelkonen and Andre Rodrigues and Rounak Tibrewal and Vaishnavi Venkatesan and Peter Zhang},
title = {Twine: A Unified Cluster Management System for Shared Infrastructure},
booktitle = {14th {USENIX} Symposium on Operating Systems Design and Implementation ({OSDI} 20)},
year = {2020},
isbn = {978-1-939133-19-9},
pages = {787--803},
url = {https://www.usenix.org/conference/osdi20/presentation/tang},
publisher = {{USENIX} Association},
month = nov,
}

@inproceedings {ix,
author = {Adam Belay and George Prekas and Ana Klimovic and Samuel Grossman and Christos Kozyrakis and Edouard Bugnion},
title = {{IX}: A Protected Dataplane Operating System for High Throughput and Low Latency},
booktitle = {11th {USENIX} Symposium on Operating Systems Design and Implementation ({OSDI} 14)},
year = {2014},
isbn = { 978-1-931971-16-4},
address = {Broomfield, CO},
pages = {49--65},
url = {https://www.usenix.org/conference/osdi14/technical-sessions/presentation/belay},
publisher = {{USENIX} Association},
month = oct,
}

@article{ixOS,
author = {Belay, Adam and Prekas, George and Primorac, Mia and Klimovic, Ana and Grossman, Samuel and Kozyrakis, Christos and Bugnion, Edouard},
title = {The IX Operating System: Combining Low Latency, High Throughput, and Efficiency in a Protected Dataplane},
year = {2016},
issue_date = {January 2017},
publisher = {Association for Computing Machinery},
address = {New York, NY, USA},
volume = {34},
number = {4},
issn = {0734-2071},
url = {https://doi.org/10.1145/2997641},
doi = {10.1145/2997641},
journal = {ACM Trans. Comput. Syst.},
month = dec,
articleno = {11},
numpages = {39},
keywords = {dataplane operating systems, latency-critical applications, microsecond-scale computing, workload consolidation, Virtualization, energy-proportionality}
}

@inproceedings {ebbrt,
author = {Dan Schatzberg and James Cadden and Han Dong and Orran Krieger and Jonathan Appavoo},
title = {EbbRT: A Framework for Building Per-Application Library Operating Systems},
booktitle = {12th USENIX Symposium on Operating Systems Design and Implementation (OSDI 16)},
year = {2016},
isbn = {978-1-931971-33-1},
address = {GA},
pages = {671--688},
url = {https://www.usenix.org/conference/osdi16/technical-sessions/presentation/schatzberg},
publisher = {USENIX Association},
}

@inproceedings {arrakis,
author = {Simon Peter and Jialin Li and Irene Zhang and Dan R. K. Ports and Doug Woos and Arvind Krishnamurthy and Thomas Anderson and Timothy Roscoe},
title = {Arrakis: {T}he {O}perating {S}ystem is the {C}ontrol {P}lane},
booktitle = {11th USENIX Symposium on Operating Systems Design and Implementation (OSDI 14)},
year = {2014},
month = Oct,
isbn = { 978-1-931971-16-4},
pages = {1--16},
url = {https://www.usenix.org/conference/osdi14/technical-sessions/presentation/peter},
publisher = {USENIX Association},
}

@inproceedings {mtcp,
author = {EunYoung Jeong and Shinae Wood and Muhammad Jamshed and Haewon Jeong and Sunghwan Ihm and Dongsu Han and KyoungSoo Park},
title = {mTCP: a Highly Scalable User-level {TCP} Stack for Multicore Systems},
booktitle = {11th {USENIX} Symposium on Networked Systems Design and Implementation ({NSDI} 14)},
year = {2014},
isbn = {978-1-931971-09-6},
address = {Seattle, WA},
pages = {489--502},
url = {https://www.usenix.org/conference/nsdi14/technical-sessions/presentation/jeong},
publisher = {{USENIX} Association},
month = apr,
}

@inproceedings{sandstorm,
 author = {Marinos, Ilias and Watson, Robert N.M. and Handley, Mark},
 title = {Network Stack Specialization for Performance},
 booktitle = {Proceedings of the 2014 ACM Conference on SIGCOMM},
 series = {SIGCOMM '14},
 year = {2014},
 isbn = {978-1-4503-2836-4},
 location = {Chicago, Illinois, USA},
 pages = {175--186},
 numpages = {12},
 url = {http://doi.acm.org/10.1145/2619239.2626311},
 doi = {10.1145/2619239.2626311},
 acmid = {2626311},
 publisher = {ACM},
 address = {New York, NY, USA},
 keywords = {clean-slate design, network performance, network stacks, network- stack specialization},
} 

@inproceedings{affinityaccept,
 author = {Pesterev, Aleksey and Strauss, Jacob and Zeldovich, Nickolai and Morris, Robert T.},
 title = {Improving Network Connection Locality on Multicore Systems},
 year = {2012},
 isbn = {9781450312233},
 publisher = {Association for Computing Machinery},
 address = {New York, NY, USA},
 url = {https://doi.org/10.1145/2168836.2168870},
 doi = {10.1145/2168836.2168870},
 booktitle = {Proceedings of the 7th ACM European Conference on Computer Systems},
 pages = {337–350},
 numpages = {14},
 keywords = {multi-core, cache misses, packet processing},
 location = {Bern, Switzerland},
 series = {EuroSys ’12}
}

@inproceedings{flexnic,
 author = {Kaufmann, Antoine and Peter, SImon and Sharma, Naveen Kr. and Anderson, Thomas and Krishnamurthy, Arvind},
 title = {High Performance Packet Processing with FlexNIC},
 year = {2016},
 isbn = {9781450340915},
 publisher = {Association for Computing Machinery},
 address = {New York, NY, USA},
 url = {https://doi.org/10.1145/2872362.2872367},
 doi = {10.1145/2872362.2872367},
 booktitle = {Proceedings of the Twenty-First International Conference on Architectural Support for Programming Languages and Operating Systems},
 pages = {67–81},
 numpages = {15},
 keywords = {match-and-action processing, DMA, network interface card, flexible network processing},
 location = {Atlanta, Georgia, USA},
 series = {ASPLOS ’16}
}

@inproceedings{ixcp,
author = {Prekas, George and Primorac, Mia and Belay, Adam and Kozyrakis, Christos and Bugnion, Edouard},
title = {Energy Proportionality and Workload Consolidation for Latency-Critical Applications},
year = {2015},
isbn = {9781450336512},
publisher = {Association for Computing Machinery},
address = {New York, NY, USA},
url = {https://doi.org/10.1145/2806777.2806848},
doi = {10.1145/2806777.2806848},
booktitle = {Proceedings of the Sixth ACM Symposium on Cloud Computing},
pages = {342–355},
numpages = {14},
keywords = {latency-critical applications, energy proportionality, workload consolidation, microsecond-scale computing},
location = {Kohala Coast, Hawaii},
series = {SoCC '15}
}

@inproceedings{SmoothOperator,
 author = {Hsu, Chang-Hong and Deng, Qingyuan and Mars, Jason and Tang, Lingjia},
 title = {SmoothOperator: Reducing Power Fragmentation and Improving Power Utilization in Large-scale Datacenters},
 booktitle = {Proceedings of the Twenty-Third International Conference on Architectural Support for Programming Languages and Operating Systems},
 series = {ASPLOS '18},
 year = {2018},
 isbn = {978-1-4503-4911-6},
 location = {Williamsburg, VA, USA},
 pages = {535--548},
 numpages = {14},
 url = {http://doi.acm.org/10.1145/3173162.3173190},
 doi = {10.1145/3173162.3173190},
 acmid = {3173190},
 publisher = {ACM},
 address = {New York, NY, USA},
 keywords = {datacenter power management, fragmentation, power and energy efficiency},
} 

@inproceedings{eurosys14,
author = {Leverich, Jacob and Kozyrakis, Christos},
title = {Reconciling High Server Utilization and Sub-Millisecond Quality-of-Service},
year = {2014},
isbn = {9781450327046},
publisher = {Association for Computing Machinery},
address = {New York, NY, USA},
url = {https://doi.org/10.1145/2592798.2592821},
doi = {10.1145/2592798.2592821},
booktitle = {Proceedings of the Ninth European Conference on Computer Systems},
articleno = {4},
numpages = {14},
location = {Amsterdam, The Netherlands},
series = {EuroSys '14}
}

@inproceedings{Dynamo,
 author = {Wu, Qiang and Deng, Qingyuan and Ganesh, Lakshmi and Hsu, Chang-Hong and Jin, Yun and Kumar, Sanjeev and Li, Bin and Meza, Justin and Song, Yee Jiun},
 title = {Dynamo: Facebook's Data Center-wide Power Management System},
 booktitle = {Proceedings of the 43rd International Symposium on Computer Architecture},
 series = {ISCA '16},
 year = {2016},
 isbn = {978-1-4673-8947-1},
 location = {Seoul, Republic of Korea},
 pages = {469--480},
 numpages = {12},
 url = {https://doi.org/10.1109/ISCA.2016.48},
 doi = {10.1109/ISCA.2016.48},
 acmid = {3001187},
 publisher = {IEEE Press},
 address = {Piscataway, NJ, USA},
 keywords = {data center, management, power},
} 

@inproceedings{PerAppPower,
author = {Guliani, Akhil and Swift, Michael M.},
title = {Per-Application Power Delivery},
year = {2019},
isbn = {9781450362818},
publisher = {Association for Computing Machinery},
address = {New York, NY, USA},
url = {https://doi.org/10.1145/3302424.3303981},
doi = {10.1145/3302424.3303981},
booktitle = {Proceedings of the Fourteenth EuroSys Conference 2019},
articleno = {5},
numpages = {16},
keywords = {DVFS, Proportional Shares, Power Management},
location = {Dresden, Germany},
series = {EuroSys '19}
}

@article{heracles,
author = {Lo, David and Cheng, Liqun and Govindaraju, Rama and Ranganathan, Parthasarathy and Kozyrakis, Christos},
title = {Heracles: Improving Resource Efficiency at Scale},
year = {2015},
issue_date = {June 2015},
publisher = {Association for Computing Machinery},
address = {New York, NY, USA},
volume = {43},
number = {3S},
issn = {0163-5964},
url = {https://doi.org/10.1145/2872887.2749475},
doi = {10.1145/2872887.2749475},
journal = {SIGARCH Comput. Archit. News},
month = jun,
pages = {450–462},
numpages = {13}
}

@inproceedings{NLP-energy,
    title = "Energy and Policy Considerations for Deep Learning in {NLP}",
    author = "Strubell, Emma  and
      Ganesh, Ananya  and
      McCallum, Andrew",
    booktitle = "Proceedings of the 57th Annual Meeting of the Association for Computational Linguistics",
    month = jul,
    year = "2019",
    address = "Florence, Italy",
    publisher = "Association for Computational Linguistics",
    url = "https://www.aclweb.org/anthology/P19-1355",
    doi = "10.18653/v1/P19-1355",
    pages = "3645--3650",
}

@inproceedings{oldi-study,
author = {Meisner, David and Sadler, Christopher M. and Barroso, Luiz Andr\'{e} and Weber, Wolf-Dietrich and Wenisch, Thomas F.},
title = {Power Management of Online Data-Intensive Services},
year = {2011},
isbn = {9781450304726},
publisher = {Association for Computing Machinery},
address = {New York, NY, USA},
url = {https://doi.org/10.1145/2000064.2000103},
doi = {10.1145/2000064.2000103},
booktitle = {Proceedings of the 38th Annual International Symposium on Computer Architecture},
pages = {319–330},
numpages = {12},
keywords = {servers, power management},
location = {San Jose, California, USA},
series = {ISCA '11}
}

@inproceedings{oldi-pegasus,
author = {Lo, David and Cheng, Liqun and Govindaraju, Rama and Barroso, Luiz Andr\'{e} and Kozyrakis, Christos},
title = {Towards Energy Proportionality for Large-Scale Latency-Critical Workloads},
year = {2014},
isbn = {9781479943944},
publisher = {IEEE Press},
booktitle = {Proceeding of the 41st Annual International Symposium on Computer Architecuture},
pages = {301–312},
numpages = {12},
location = {Minneapolis, Minnesota, USA},
series = {ISCA '14}
}

@INPROCEEDINGS{rubik,
  author={H. {Kasture} and D. B. {Bartolini} and N. {Beckmann} and D. {Sanchez}},
  booktitle={2015 48th Annual IEEE/ACM International Symposium on Microarchitecture (MICRO)}, 
  title={Rubik: Fast analytical power management for latency-critical systems}, 
  year={2015},
  volume={},
  number={},
  pages={598-610},}


@inproceedings{adrenaline,
  author={C. {Hsu} and Y. {Zhang} and M. A. {Laurenzano} and D. {Meisner} and T. {Wenisch} and J. {Mars} and L. {Tang} and R. G. {Dreslinski}},
  booktitle={2015 IEEE 21st International Symposium on High Performance Computer Architecture (HPCA)}, 
  title={Adrenaline: Pinpointing and reining in tail queries with quick voltage boosting}, 
  year={2015},
  volume={},
  number={},
  pages={271-282},
  }

@inproceedings{powercap,
author={P. {Petoumenos} and L. {Mukhanov} and Z. {Wang} and H. {Leather} and D. S. {Nikolopoulos}},
booktitle={2015 IEEE 21st International Conference on Parallel and Distributed Systems (ICPADS)}, 
title={Power Capping: What Works, What Does Not}, 
year={2015},
volume={},
number={},
pages={525-534},
doi={10.1109/ICPADS.2015.72}
}



@inproceedings{powernap,
author = {Meisner, David and Gold, Brian T. and Wenisch, Thomas F.},
title = {PowerNap: Eliminating Server Idle Power},
year = {2009},
isbn = {9781605584065},
publisher = {Association for Computing Machinery},
address = {New York, NY, USA},
url = {https://doi.org/10.1145/1508244.1508269},
doi = {10.1145/1508244.1508269},
booktitle = {Proceedings of the 14th International Conference on Architectural Support for Programming Languages and Operating Systems},
pages = {205–216},
numpages = {12},
keywords = {power management, servers},
location = {Washington, DC, USA},
series = {ASPLOS XIV}
}

@inproceedings{hotpower2008,
author = {Tolia, Niraj and Wang, Zhikui and Marwah, Manish and Bash, Cullen and Ranganathan, Parthasarathy and Zhu, Xiaoyun},
title = {Delivering Energy Proportionality with Non Energy-Proportional Systems: Optimizing the Ensemble},
year = {2008},
publisher = {USENIX Association},
address = {USA},
booktitle = {Proceedings of the 2008 Conference on Power Aware Computing and Systems},
pages = {2},
numpages = {1},
location = {San Diego, California},
series = {HotPower'08}
}


@inproceedings{warehouse-power,
 author = {Fan, Xiaobo and Weber, Wolf-Dietrich and Barroso, Luiz Andre},
 title = {Power Provisioning for a Warehouse-Sized Computer},
 year = {2007},
 isbn = {9781595937063},
 publisher = {Association for Computing Machinery},
 address = {New York, NY, USA},
 url = {https://doi.org/10.1145/1250662.1250665},
 doi = {10.1145/1250662.1250665},
 booktitle = {Proceedings of the 34th Annual International Symposium on Computer Architecture},
 pages = {13–23},
 numpages = {11},
 keywords = {power provisioning, power modeling, energy efficiency},
 location = {San Diego, California, USA},
 series = {ISCA ’07}
}

@inproceedings{seda,
author = {Welsh, Matt and Culler, David and Brewer, Eric},
title = {SEDA: An Architecture for Well-Conditioned, Scalable Internet Services},
year = {2001},
isbn = {1581133898},
publisher = {Association for Computing Machinery},
address = {New York, NY, USA},
url = {https://doi.org/10.1145/502034.502057},
doi = {10.1145/502034.502057},
booktitle = {Proceedings of the Eighteenth ACM Symposium on Operating Systems Principles},
pages = {230–243},
numpages = {14},
location = {Banff, Alberta, Canada},
series = {SOSP '01}
}

@article{napsac,
 author = {Krioukov, Andrew and Mohan, Prashanth and Alspaugh, Sara and Keys, Laura and Culler, David and Katz, Randy},
 title = {NapSAC: Design and Implementation of a Power-Proportional Web Cluster},
 year = {2011},
 issue_date = {January 2011},
 publisher = {Association for Computing Machinery},
 address = {New York, NY, USA},
 volume = {41},
 number = {1},
 issn = {0146-4833},
 url = {https://doi.org/10.1145/1925861.1925878},
 doi = {10.1145/1925861.1925878},
 journal = {SIGCOMM Comput. Commun. Rev.},
 month = jan,
 pages = {102–108},
 numpages = {7},
 keywords = {heterogenous hardware, energy, web server, data center, web application, cluster, power proportional, power management}
}

@inproceedings {mica,
author = {Hyeontaek Lim and Dongsu Han and David G. Andersen and Michael Kaminsky},
title = {{MICA}: A Holistic Approach to Fast In-Memory Key-Value Storage},
booktitle = {11th {USENIX} Symposium on Networked Systems Design and Implementation ({NSDI} 14)},
year = {2014},
isbn = {978-1-931971-09-6},
address = {Seattle, WA},
pages = {429--444},
url = {https://www.usenix.org/conference/nsdi14/technical-sessions/presentation/lim},
publisher = {{USENIX} Association},
month = apr,
}

@inproceedings{large-scale-mapreduce,
 author = {Chen, Yanpei and Alspaugh, Sara and Borthakur, Dhruba and Katz, Randy},
 title = {Energy Efficiency for Large-Scale MapReduce Workloads with Significant Interactive Analysis},
 year = {2012},
 isbn = {9781450312233},
 publisher = {Association for Computing Machinery},
 address = {New York, NY, USA},
 url = {https://doi.org/10.1145/2168836.2168842},
 doi = {10.1145/2168836.2168842},
 booktitle = {Proceedings of the 7th ACM European Conference on Computer Systems},
 pages = {43–56},
 numpages = {14},
 keywords = {MapReduce, energy efficiency},
 location = {Bern, Switzerland},
 series = {EuroSys ’12}
}

@inproceedings{rapl,
 author = {David, Howard and Gorbatov, Eugene and Hanebutte, Ulf R. and Khanna, Rahul and Le, Christian},
 title = {RAPL: Memory Power Estimation and Capping},
 year = {2010},
 isbn = {9781450301466},
 publisher = {Association for Computing Machinery},
 address = {New York, NY, USA},
 url = {https://doi.org/10.1145/1840845.1840883},
 doi = {10.1145/1840845.1840883},
 booktitle = {Proceedings of the 16th ACM/IEEE International Symposium on Low Power Electronics and Design},
 pages = {189–194},
 numpages = {6},
 keywords = {measurements, power, DRAM memory},
 location = {Austin, Texas, USA},
 series = {ISLPED ’10}
}

@article{rapl2018,
author = {Khan, Kashif Nizam and Hirki, Mikael and Niemi, Tapio and Nurminen, Jukka K. and Ou, Zhonghong},
title = {RAPL in Action: Experiences in Using RAPL for Power Measurements},
year = {2018},
issue_date = {April 2018},
publisher = {Association for Computing Machinery},
address = {New York, NY, USA},
volume = {3},
number = {2},
issn = {2376-3639},
url = {https://doi.org/10.1145/3177754},
doi = {10.1145/3177754},
journal = {ACM Trans. Model. Perform. Eval. Comput. Syst.},
month = mar,
articleno = {9},
numpages = {26},
keywords = {RAPL validation, RAPL accuracy, DRAM power, RAPL, power modeling}
}

@article{rapl2015,
  title={A Quantitative Evaluation of the RAPL Power Control System},
  author={Zhang, Huazhe and Hoffman, H},
  journal={Feedback Computing},
  year={2015}
}

@article{energyproportion,
 author = {{Barroso, Luiz Andr\'{e} and H\"{o}lzle, Urs}},
 title = {The Case for Energy-Proportional Computing},
 year = {2007},
 issue_date = {December 2007},
 publisher = {IEEE Computer Society Press},
 address = {Washington, DC, USA},
 volume = {40},
 number = {12},
 issn = {0018-9162},
 url = {https://doi.org/10.1109/MC.2007.443},
 doi = {10.1109/MC.2007.443},
 journal = {Computer},
 month = dec,
 pages = {33–37},
 numpages = {5},
 keywords = {green computing, energy-proportional computing}
}

@misc{mcdsilo,
   author={George Prekas},
   howpublished={\url{https://github.com/ix-project/servers/tree/master}},
   year={2017}
}

@misc{libuv,
  title={},
  author={{libuv}},
  howpublished={\url{http://libuv.org}}
}

@misc{v8,
  title={{V8 JavaScript Engine}},
  author={{Google}},
  howpublished={\url{http://code.google.com/p/v8/}}
}

@inproceedings{snell1996netpipe,
  title={{Netpipe: A Network Protocol Independent Performance Evaluator}},
  author={Snell, Quinn O and Mikler, Armin R and Gustafson, John L},
  booktitle={IASTED International Conference on Intelligent Information Management and Systems},
  year={1996},
}

@inproceedings{zygos,
 author = {Prekas, George and Kogias, Marios and Bugnion, Edouard},
 title = {ZygOS: Achieving Low Tail Latency for Microsecond-Scale Networked Tasks},
 year = {2017},
 isbn = {9781450350853},
 publisher = {Association for Computing Machinery},
 address = {New York, NY, USA},
 url = {https://doi.org/10.1145/3132747.3132780},
 doi = {10.1145/3132747.3132780},
 booktitle = {Proceedings of the 26th Symposium on Operating Systems Principles},
 pages = {325–341},
 numpages = {17},
 keywords = {Tail latency, Microsecond-scale computing},
 location = {Shanghai, China},
 series = {SOSP ’17}
}

@inproceedings{network-latency,
  author={A. {Beifuß} and D. {Raumer} and P. {Emmerich} and T. M. {Runge} and F. {Wohlfart} and B. E. {Wolfìnger} and G. {Carle}},
  booktitle={2015 International Conference and Workshops on Networked Systems (NetSys)}, 
  title={A Study of Networking Software Induced Latency}, 
  year={2015},
  volume={},
  number={},
  pages={1-8},
  doi={10.1109/NetSys.2015.7089065}
}


@misc{intel_msr,
author={Intel},
title={{Intel® 64 and IA-32 Architectures Software Developer’s Manual Volume 3C:System Programming Guide, Part 3}},
howpublished = {\url{https://www.intel.com/content/dam/www/public/us/en/documents/manuals/64-ia-32-architectures-software-developer-\\vol-3c-part-3-manual.pdf}}
}

@misc{intel_rapl,
author={Intel},
title={{Intel® 64 and IA-32 Architectures Software Developer’s Manual Volume 3B:System Programming Guide, Part 2}},
howpublished = {\url{https://www.intel.com/content/dam/www/public/us/en/documents/manuals/64-ia-32-architectures-software-developer-\\vol-3b-part-2-manual.pdf}}
}

@misc{cpufreq_governor,
title={{CPU frequency and voltage scaling code in the Linux(TM) kernel}},
author = {{Dominik Brodowski, Nico Golde, Rafael J. Wysocki, Viresh Kumar}},
howpublished = {\url{https://www.kernel.org/doc/Documentation/cpu-freq/governors.txt}}
}

@inproceedings{linux-core-ops,
author = {Ren, Xiang (Jenny) and Rodrigues, Kirk and Chen, Luyuan and Vega, Camilo and Stumm, Michael and Yuan, Ding},
title = {An Analysis of Performance Evolution of Linux's Core Operations},
year = {2019},
isbn = {9781450368735},
publisher = {Association for Computing Machinery},
address = {New York, NY, USA},
url = {https://doi.org/10.1145/3341301.3359640},
doi = {10.1145/3341301.3359640},
booktitle = {Proceedings of the 27th ACM Symposium on Operating Systems Principles},
pages = {554–569},
numpages = {16},
keywords = {Linux, performance evolution, operating systems},
location = {Huntsville, Ontario, Canada},
series = {SOSP '19}
}

@misc{napi,
  title={napi},
  author={{The Linux Foundation}},
  howpublished={\url{https://wiki.linuxfoundation.org/networking/napi}}
}

%--------------------------------------------------------------%


@inproceedings {181902,
author = {Pravin Shinde and Antoine Kaufmann and Timothy Roscoe and Stefan Kaestle},
title = {We Need to Talk About NICs},
booktitle = {Presented as part of the 14th Workshop on Hot Topics in Operating Systems},
year = {2013},
address = {Santa Ana Pueblo, NM},
url = {https://www.usenix.org/conference/hotos13/we-need-talk-about-nics},
publisher = {{USENIX}},
}



@misc{mutilate,
title={{Mutilate: high performance memcached load generator}},
author = {{J. Leverich}},
 howpublished = {\url{https://github.com/leverich/mutilate}}
}

@article{WebSearch,
title	= {Web Search for a Planet: The Google Cluster Architecture},
author	= {Luiz Andre Barroso and Jeffrey Dean and Urs Hölzle},
year	= {2003},
journal	= {IEEE Micro},
pages	= {22-28},
volume	= {23}
}


@INPROCEEDINGS{plan9,
    author = {Rob Pike and Dave Presotto and Ken Thompson and Howard Trickey},
    title = {Plan 9 from Bell Labs},
    booktitle = {In Proceedings of the Summer 1990 UKUUG Conference},
    year = {1990},
    pages = {1--9}
}

@inproceedings{Cheriton1994Cache,
 author = {Cheriton, David R. and Duda, Kenneth J.},
 title = {A Caching Model of Operating System Kernel Functionality},
 booktitle = {Proceedings of the 1st USENIX Conference on Operating Systems Design and Implementation},
 series = {OSDI '94},
 year = {1994},
 location = {Monterey, California},
 articleno = {14},
 url = {http://dl.acm.org/citation.cfm?id=1267638.1267652},
 acmid = {1267652},
 publisher = {USENIX Association},
 address = {Berkeley, CA, USA},
}

@inproceedings{softlayer,
  title={{Softlayer}},
  author = {Big data solutions},
  url = {http://www.softlayer.com/big-data},
  year  = {2015}
}

@inproceedings{rackspace,
  title={{Rackspace}},
  author = {Rackspace cloud big data onmetal},
  url = {http://go.rackspace.com/baremetalbigdata/},
  year  = {2015}
}

@inproceedings{hil,
  title={{HIL: Designing an Exokernel for the Data Center}},
  author={Hennessey, Jason and Tikale, Sahil and Turk, Ata and Kaynar, Emine Ugur and Hill, Chris and Desnoyers, Peter and Krieger, Orran},
  booktitle={Proceedings of the Seventh ACM Symposium on Cloud Computing},
  pages={155--168},
  year={2016},
  organization={ACM}
}

@inproceedings{Stonebraker1,
 author = {Stonebraker, Michael and Madden, Samuel and Abadi, Daniel J. and Harizopoulos, Stavros and Hachem, Nabil and Helland, Pat},
 title = {The End of an Architectural Era: (It's Time for a Complete Rewrite)},
 booktitle = {Proceedings of the 33rd International Conference on Very Large Data Bases},
 series = {VLDB '07},
 year = {2007},
 isbn = {978-1-59593-649-3},
 location = {Vienna, Austria},
 pages = {1150--1160},
 numpages = {11},
 url = {http://dl.acm.org/citation.cfm?id=1325851.1325981},
 acmid = {1325981},
 publisher = {VLDB Endowment},
} 

@article{uio,
 author = {{Cheriton, David R.}},
 title = {{UIO: A Uniform I/O System Interface for Distributed Systems}},
 journal = {ACM Trans. Comput. Syst.},
 issue_date = {Feb. 1987},
 volume = {5},
 number = {1},
 month = jan,
 year = {1987},
 issn = {0734-2071},
 pages = {12--46},
 numpages = {35},
 url = {http://doi.acm.org/10.1145/7351.7353},
 doi = {10.1145/7351.7353},
 acmid = {7353},
 publisher = {ACM},
 address = {New York, NY, USA},
} 


@inproceedings {willow,
author = {Sudharsan Seshadri and Mark Gahagan and Sundaram Bhaskaran and Trevor Bunker and Arup De and Yanqin Jin and Yang Liu and Steven Swanson},
title = {Willow: A User-Programmable {SSD}},
booktitle = {11th {USENIX} Symposium on Operating Systems Design and Implementation ({OSDI} 14)},
year = {2014},
isbn = { 978-1-931971-16-4},
address = {Broomfield, CO},
pages = {67--80},
url = {https://www.usenix.org/conference/osdi14/technical-sessions/presentation/seshadri},
publisher = {{USENIX} Association},
}

@article{Tanenbaum1990Amoeba,
 author = {Tanenbaum, Andrew S. and van Renesse, Robbert and van Staveren, Hans and Sharp, Gregory J. and Mullender, Sape J.},
 title = {Experiences with the Amoeba Distributed Operating System},
 journal = {Commun. ACM},
 issue_date = {Dec. 1990},
 volume = {33},
 number = {12},
 month = dec,
 year = {1990},
 issn = {0001-0782},
 pages = {46--63},
 numpages = {18},
 url = {http://doi.acm.org/10.1145/96267.96281},
 doi = {10.1145/96267.96281},
 acmid = {96281},
 publisher = {ACM},
 address = {New York, NY, USA},
}

@article{Appavoo:2007:EDO:1275517.1275518,
 author = {Appavoo, Jonathan and Silva, Dilma Da and Krieger, Orran and Auslander, Marc and Ostrowski, Michal and Rosenburg, Bryan and Waterland, Amos and Wisniewski, Robert W. and Xenidis, Jimi and Stumm, Michael and Soares, Livio},
 title = {Experience Distributing Objects in an SMMP OS},
 journal = {ACM Trans. Comput. Syst.},
 issue_date = {August 2007},
 volume = {25},
 number = {3},
 month = aug,
 year = {2007},
 issn = {0734-2071},
 articleno = {6},
 url = {http://doi.acm.org/10.1145/1275517.1275518},
 doi = {10.1145/1275517.1275518},
 acmid = {1275518},
 publisher = {ACM},
 address = {New York, NY, USA},
 keywords = {Concurrency, Distribution, Locality, Scalability SMMP},
} 

@inproceedings{Wulf:1972:CM:1480083.1480098,
 author = {Wulf, William A. and Bell, C. G.},
 title = {C.Mmp: A Multi-mini-processor},
 booktitle = {Proceedings of the December 5-7, 1972, Fall Joint Computer Conference, Part II},
 series = {AFIPS '72 (Fall, part II)},
 year = {1972},
 location = {Anaheim, California},
 pages = {765--777},
 numpages = {13},
 url = {http://doi.acm.org/10.1145/1480083.1480098},
 doi = {10.1145/1480083.1480098},
 acmid = {1480098},
 publisher = {ACM},
 address = {New York, NY, USA},
} 

@inproceedings{Verghese1996,
 author = {Verghese, Ben and Devine, Scott and Gupta, Anoop and Rosenblum, Mendel},
 title = {Operating System Support for Improving Data Locality on CC-NUMA Compute Servers},
 booktitle = {Proceedings of the Seventh International Conference on Architectural Support for Programming Languages and Operating Systems},
 series = {ASPLOS VII},
 year = {1996},
 isbn = {0-89791-767-7},
 location = {Cambridge, Massachusetts, USA},
 pages = {279--289},
 numpages = {11},
 url = {http://doi.acm.org/10.1145/237090.237205},
 doi = {10.1145/237090.237205},
 acmid = {237205},
 publisher = {ACM},
 address = {New York, NY, USA},
} 

@misc{silberstein1,
title={{Accelerators in data centers: the systems perspective}},
author = {{Mark Silberstein}},
 howpublished = {\url{https://www.sigarch.org/accelerators-in-data-centers-the-systems-perspective/}}
}

@inproceedings{firebox,
title={{FireBox: A Hardware Building Block for 2020 Warehouse-Scale Computers}},
author={{Krste Asanović}},
publisher={{FAST 2014}}
}

@inproceedings{perez,
title={{Scalable hardware evolves, but what about network OS?}},
author={{Perez, M.}},
publisher={{PCWeek 1995}}
}

@misc{googlelinux,
title={{KS2009: How Google uses Linux}},
author = {{Mike Waychison and Jonathan Corbet}},
 howpublished = {\url{https://lwn.net/Articles/357658/}}
}

@misc{rss,
title={{Receive Side Scaling on Intel® Network Adapters}},
author = {{Intel}},
 howpublished = {\url{https://www.intel.com/content/www/us/en/support/articles/000006703/network-and-i-o/ethernet-products.html}}
}

@misc{nodejs,
  title={Node.js},
  author = {{Joyent}},
  howpublished={\url{https://github.com/nodejs/node/tree/cc56c62ed879ad4f93b1fdab3235c43e60f48b7e}},
  year={2013}
}



@misc{firmwareseagate,
title={{Maximize Security, Lock Down Hard Drive Firmware with Seagate Secure Download \& Diagnostics}},
author={{Seagate Technology LLc}},
year={2015}
}

@misc{nature1,
title={{How to stop data centres from gobbling up the world’s electricity}},
author = {{Nicola Jones}},
 howpublished = {\url{https://www.nature.com/articles/d41586-018-06610-y}}
}

@misc{mvdirona,
title={{Cost of Power in Large-Scale Data Centers}},
author = {{James Hamilton}},
 howpublished = {\url{https://perspectives.mvdirona.com/2008/11/cost-of-power-in-large-scale-data-centers/}}
}
@misc{sriov,
title={{Frequently Asked Questions for SR-IOV on Intel® Ethernet Server Adapters
}},
author = {{Intel}},
 howpublished = {\url{https://www.intel.com/content/www/us/en/support/articles/000005722/network-and-i-o/ethernet-products.html}}
}

@misc{redhatgpuvirt,
  author = {{Redhat}},
  title = {{NVidia vGPU and Red Hat Virtualization Virtual High End Workstations and Compute}},
  howpublished = {\url{http://on-demand.gputechconf.com/gtc/2017/presentation/s7812-beausoleil-nvidia-vgpu-red-hat-virtualization.pdf}},
}

@misc{samsungssd,
  author = {{Samsung}},
  title = {{Samsung SSD PM1725a}},
  howpublished = {\url{http://www.samsung.com/semiconductor/global/file/insight/2016/08/Samsung_PM1725a-1.pdf
}},
}

@misc{dpdk,
  author = {{Intel Corporation}},
  title = {{Intel DPDK: Data Plane Development Kit}},
  howpublished = {\url{http://dpdk.org}},
}

@article{RitchieUNIX,
 author = {Ritchie, Dennis M. and Thompson, Ken},
 title = {The UNIX Time-sharing System},
 journal = {Commun. ACM},
 issue_date = {July 1974},
 volume = {17},
 number = {7},
 month = jul,
 year = {1974},
 issn = {0001-0782},
 pages = {365--375},
 numpages = {11},
 url = {http://doi.acm.org/10.1145/361011.361061},
 doi = {10.1145/361011.361061},
 acmid = {361061},
 publisher = {ACM},
 address = {New York, NY, USA},
 keywords = {PDP-11, command language, file system, operating system, time-sharing},
} 

@inproceedings{disklocality,
 author = {Ananthanarayanan, Ganesh and Ghodsi, Ali and Shenker, Scott and Stoica, Ion},
 title = {Disk-locality in Datacenter Computing Considered Irrelevant},
 booktitle = {Proceedings of the 13th USENIX Conference on Hot Topics in Operating Systems},
 series = {HotOS'13},
 year = {2011},
 location = {Napa, California},
 pages = {12--12},
 numpages = {1},
 url = {http://dl.acm.org/citation.cfm?id=1991596.1991613},
 acmid = {1991613},
 publisher = {USENIX Association},
 address = {Berkeley, CA, USA},
}

@article{ramcloud,
 author = {Ousterhout, John and Agrawal, Parag and Erickson, David and Kozyrakis, Christos and Leverich, Jacob and Mazi\`{e}res, David and Mitra, Subhasish and Narayanan, Aravind and Parulkar, Guru and Rosenblum, Mendel and Rumble, Stephen M. and Stratmann, Eric and Stutsman, Ryan},
 title = {The Case for RAMClouds: Scalable High-performance Storage Entirely in DRAM},
 journal = {SIGOPS Oper. Syst. Rev.},
 issue_date = {January 2010},
 volume = {43},
 number = {4},
 month = jan,
 year = {2010},
 issn = {0163-5980},
 pages = {92--105},
 numpages = {14},
 url = {http://doi.acm.org/10.1145/1713254.1713276},
 doi = {10.1145/1713254.1713276},
 acmid = {1713276},
 publisher = {ACM},
 address = {New York, NY, USA},
}

@inproceedings{Hendrickson2016Serverless,
 author = {Hendrickson, Scott and Sturdevant, Stephen and Harter, Tyler and Venkataramani, Venkateshwaran and Arpaci-Dusseau, Andrea C. and Arpaci-Dusseau, Remzi H.},
 title = {Serverless Computation with openLambda},
 booktitle = {Proceedings of the 8th USENIX Conference on Hot Topics in Cloud Computing},
 series = {HotCloud'16},
 year = {2016},
 location = {Denver, CO},
 pages = {33--39},
 numpages = {7},
 url = {http://dl.acm.org/citation.cfm?id=3027041.3027047},
 acmid = {3027047},
 publisher = {USENIX Association},
 address = {Berkeley, CA, USA},
}

@inproceedings{Basu2013,
 author = {Basu, Arkaprava and Gandhi, Jayneel and Chang, Jichuan and Hill, Mark D. and Swift, Michael M.},
 title = {Efficient Virtual Memory for Big Memory Servers},
 booktitle = {Proceedings of the 40th Annual International Symposium on Computer Architecture},
 series = {ISCA '13},
 year = {2013},
 isbn = {978-1-4503-2079-5},
 location = {Tel-Aviv, Israel},
 pages = {237--248},
 numpages = {12},
 url = {http://doi.acm.org/10.1145/2485922.2485943},
 doi = {10.1145/2485922.2485943},
 acmid = {2485943},
 publisher = {ACM},
 address = {New York, NY, USA},
 keywords = {tanslation lookaside buffer, virtual memory},
} 

@inproceedings {ingens,
author = {Youngjin Kwon and Hangchen Yu and Simon Peter and Christopher J. Rossbach and Emmett Witchel},
title = {Coordinated and Efficient Huge Page Management with Ingens},
booktitle = {12th USENIX Symposium on Operating Systems Design and Implementation (OSDI 16)},
year = {2016},
isbn = {978-1-931971-33-1},
address = {GA},
pages = {705--721},
url = {https://www.usenix.org/conference/osdi16/technical-sessions/presentation/kwon},
publisher = {USENIX Association},
}

@inproceedings{Williams2017Serverless,
	author={{Ricardo Koller and Dan Williams}},
    title = {{Will Serverless End the Dominance of Linux in the Cloud?}},
    booktitle = {{In Proceedings of ACM SIGOPS HotOS}},
    year = {2017},
    location = {Whistler, BC}
}

@inproceedings{flash,
 author = {Kuskin, J. and Ofelt, D. and Heinrich, M. and Heinlein, J. and Simoni, R. and Gharachorloo, K. and Chapin, J. and Nakahira, D. and Baxter, J. and Horowitz, M. and Gupta, A. and Rosenblum, M. and Hennessy, J.},
 title = {The Stanford FLASH Multiprocessor},
 booktitle = {Proceedings of the 21st Annual International Symposium on Computer Architecture},
 series = {ISCA '94},
 year = {1994},
 isbn = {0-8186-5510-0},
 location = {Chicago, Illinois, USA},
 pages = {302--313},
 numpages = {12},
 url = {http://dx.doi.org/10.1145/191995.192056},
 doi = {10.1145/191995.192056},
 acmid = {192056},
 publisher = {IEEE Computer Society Press},
 address = {Los Alamitos, CA, USA},
} 

@inproceedings{stingccnuma,
 author = {Lovett, Tom and Clapp, Russell},
 title = {STiNG: A CC-NUMA Computer System for the Commercial Marketplace},
 booktitle = {Proceedings of the 23rd Annual International Symposium on Computer Architecture},
 series = {ISCA '96},
 year = {1996},
 isbn = {0-89791-786-3},
 location = {Philadelphia, Pennsylvania, USA},
 pages = {308--317},
 numpages = {10},
 url = {http://doi.acm.org/10.1145/232973.233006},
 doi = {10.1145/232973.233006},
 acmid = {233006},
 publisher = {ACM},
 address = {New York, NY, USA},
} 

@inproceedings{hpconvex,
 author = {Brewer, T. and Astfalk, G.},
 title = {The Evolution of the HP/Convex Exemplar},
 booktitle = {Proceedings of the 42Nd IEEE International Computer Conference},
 series = {COMPCON '97},
 year = {1997},
 isbn = {0-8186-7804-6},
 pages = {81--},
 url = {http://dl.acm.org/citation.cfm?id=792770.793731},
 acmid = {793731},
 publisher = {IEEE Computer Society},
 address = {Washington, DC, USA},
 keywords = {2 dimensional topology, Exemplar X-Class, HP/Convex Exemplar evolution, IEEE standard SCI, PA-8000 processors, PCI busses, S-class systems, X-class systems, cache based semaphores, cache coherent nonuniform memory access architecture, ccNUMA, first generation systems, hardware bcopy engine, high performance engineering/scientific computations, interconnect caches, multiple nodes, nonblocking crossbar, parallel architectures, second generation SPP, symmetric multiprocessor},
} 

@inproceedings{sgiorigin,
 author = {Laudon, James and Lenoski, Daniel},
 title = {The SGI Origin: A ccNUMA Highly Scalable Server},
 booktitle = {Proceedings of the 24th Annual International Symposium on Computer Architecture},
 series = {ISCA '97},
 year = {1997},
 isbn = {0-89791-901-7},
 location = {Denver, Colorado, USA},
 pages = {241--251},
 numpages = {11},
 url = {http://doi.acm.org/10.1145/264107.264206},
 doi = {10.1145/264107.264206},
 acmid = {264206},
 publisher = {ACM},
 address = {New York, NY, USA},
} 

@article{dougliscomparison,
  title={{A Comparison of Two Distributed Systems: Amoeba and Sprite}},
  author = {{Fred Douglis, John K. Ousterhout, M. Frans Kaashoek, Andrew S. Tanenbaum}},
  journal = {Computing Systems},
    year = {1991},
    volume = {4}
}

@article{Cheriton:1991:paradigm,
 author = {Cheriton, David R. and Goosen, Hendrik A. and Boyle, Patrick D.},
 title = {Paradigm: A Highly Scalable Shared-Memory Multicomputer Architecture},
 journal = {Computer},
 issue_date = {February 1991},
 volume = {24},
 number = {2},
 month = feb,
 year = {1991},
 issn = {0018-9162},
 pages = {33--46},
 numpages = {14},
 url = {http://dx.doi.org/10.1109/2.67209},
 doi = {10.1109/2.67209},
 acmid = {103296},
 publisher = {IEEE Computer Society Press},
 address = {Los Alamitos, CA, USA},
} 

@inproceedings{Gamsa:1994:ppc,
 author = {Gamsa, Benjamin and Krieger, Orran and Stumm, Michael},
 title = {Optimizing IPC Performance for Shared-Memory Multiprocessors},
 booktitle = {Proceedings of the 1994 International Conference on Parallel Processing - Volume 01},
 series = {ICPP '94},
 year = {1994},
 isbn = {0-8493-2493-9},
 pages = {208--211},
 numpages = {4},
 url = {http://dx.doi.org/10.1109/ICPP.1994.144},
 doi = {10.1109/ICPP.1994.144},
 acmid = {1261031},
 publisher = {IEEE Computer Society},
 address = {Washington, DC, USA},
} 

@inproceedings{numachine,
 author = {Grindley, R. and Abdelrahman, T. and Brown, S. and Caranci, S. and DeVries, D. and Gamsa, B. and Grbic, A. and Gusat, M. and Ho, R. and Krieger, O. and Lemieux, G. and Loveless, K. and Manjikian, N. and McHardy, P. and Srbljic, S. and Stumm, M. and Vranesic, Z. and Zilic, Z.},
 title = {The NUMAchine Multiprocessor},
 booktitle = {Proceedings of the Proceedings of the 2000 International Conference on Parallel Processing},
 series = {ICPP '00},
 year = {2000},
 isbn = {0-7695-0768-9},
 pages = {487--},
 url = {http://dl.acm.org/citation.cfm?id=850941.852940},
 acmid = {852940},
 publisher = {IEEE Computer Society},
 address = {Washington, DC, USA},
} 

@inproceedings{lowlatency,
 author = {Rumble, Stephen M. and Ongaro, Diego and Stutsman, Ryan and Rosenblum, Mendel and Ousterhout, John K.},
 title = {It's Time for Low Latency},
 booktitle = {Proceedings of the 13th USENIX Conference on Hot Topics in Operating Systems},
 series = {HotOS'13},
 year = {2011},
 location = {Napa, California},
 pages = {11--11},
 numpages = {1},
 url = {http://dl.acm.org/citation.cfm?id=1991596.1991611},
 acmid = {1991611},
 publisher = {USENIX Association},
 address = {Berkeley, CA, USA},
}

@article{Hill:1986:SPUR,
 author = {Hill, Mark and Eggers, Susan and Larus, Jim and Taylor, George and Adams, Glenn and Bose, B. K. and Gibson, Garth and Hansen, Paul and Keller, Jon and Kong, Shing and Lee, Corinna and Lee, Daebum and Pendleton, Joan and Ritchie, Scott and Wood, David A. and Zorn, Ben and Hilfinger, Paul and Hodges, Dave and Katz, Randy and Ousterhout, John and Patterson, Dave},
 title = {Design Decisions in SPUR},
 journal = {Computer},
 issue_date = {November 1986},
 volume = {19},
 number = {11},
 month = nov,
 year = {1986},
 issn = {0018-9162},
 pages = {8--22},
 numpages = {15},
 url = {http://dx.doi.org/10.1109/MC.1986.1663096},
 doi = {10.1109/MC.1986.1663096},
 acmid = {9486},
 publisher = {IEEE Computer Society Press},
 address = {Los Alamitos, CA, USA},
} 

@inproceedings{Cheriton:1986:VMP,
 author = {Cheriton, D. R. and Slavenburg, G. A. and Boyle, P. D.},
 title = {Software-controlled Caches in the VMP Multiprocessor},
 booktitle = {Proceedings of the 13th Annual International Symposium on Computer Architecture},
 series = {ISCA '86},
 year = {1986},
 isbn = {0-8186-0719-X},
 location = {Tokyo, Japan},
 pages = {366--374},
 numpages = {9},
 url = {http://dl.acm.org/citation.cfm?id=17407.17399},
 acmid = {17399},
 publisher = {IEEE Computer Society Press},
 address = {Los Alamitos, CA, USA},
} 

@inproceedings{nicintegration,
 author = {Lim, Kevin and Chang, Jichuan and Mudge, Trevor and Ranganathan, Parthasarathy and Reinhardt, Steven K. and Wenisch, Thomas F.},
 title = {Disaggregated Memory for Expansion and Sharing in Blade Servers},
 booktitle = {Proceedings of the 36th Annual International Symposium on Computer Architecture},
 series = {ISCA '09},
 year = {2009},
 isbn = {978-1-60558-526-0},
 location = {Austin, TX, USA},
 pages = {267--278},
 numpages = {12},
 url = {http://doi.acm.org/10.1145/1555754.1555789},
 doi = {10.1145/1555754.1555789},
 acmid = {1555789},
 publisher = {ACM},
 address = {New York, NY, USA},
 keywords = {disaggregated memory, memory blades, memory capacity expansion, power and cost efficiencies},
}

@misc{applemach,
  author = {{Apple Inc.}},
  title = {{Mach Overview}},
  howpublished = {\url{https://developer.apple.com/library/content/documentation/Darwin/Conceptual/KernelProgramming/Mach/Mach.html}},
}

@misc{facebookdis,
author = {{Facebook}},
title = {{Disaggregate: Networking recap}},
howpublished = {\url{https://code.facebook.com/posts/1887543398133443/disaggregate-networking-recap/}}
}

@misc{hpmachine,
author = {{Hewlett Packard}},
howpublished = {\url{https://www.labs.hpe.com/the-machine}}
}

@misc{grid,
author = {{NVIDIA}},
howpublished = {\url{http://www.nvidia.com/object/grid-technology.html}}
}

@misc{intelrackscale,
author={{Intel}},
howpublished = {\url{https://www.intel.com/content/www/us/en/architecture-and-technology/rack-scale-design-overview.html}}
}

@misc{mellanoxsnic,
author = {{Mellanox Innova SmartNIC}},
howpublished = {\url{http://www.businesswire.com/news/home/20160615005424/en/}}
}

@misc{netronome,
howpublished = {\url{http://www.businesswire.com/news/home/20160425005805/en/}}
}

@inproceedings{msrfpga,
 author = {Putnam, Andrew and Caulfield, Adrian M. and Chung, Eric S. and Chiou, Derek and Constantinides, Kypros and Demme, John and Esmaeilzadeh, Hadi and Fowers, Jeremy and Gopal, Gopi Prashanth and Gray, Jan and Haselman, Michael and Hauck, Scott and Heil, Stephen and Hormati, Amir and Kim, Joo-Young and Lanka, Sitaram and Larus, James and Peterson, Eric and Pope, Simon and Smith, Aaron and Thong, Jason and Xiao, Phillip Yi and Burger, Doug},
 title = {A Reconfigurable Fabric for Accelerating Large-scale Datacenter Services},
 booktitle = {Proceeding of the 41st Annual International Symposium on Computer Architecuture},
 series = {ISCA '14},
 year = {2014},
 isbn = {978-1-4799-4394-4},
 location = {Minneapolis, Minnesota, USA},
 pages = {13--24},
 numpages = {12},
 url = {http://dl.acm.org/citation.cfm?id=2665671.2665678},
 acmid = {2665678},
 publisher = {IEEE Press},
 address = {Piscataway, NJ, USA},
} 

@inproceedings{biscuit,
 author = {Gu, Boncheol and Yoon, Andre S. and Bae, Duck-Ho and Jo, Insoon and Lee, Jinyoung and Yoon, Jonghyun and Kang, Jeong-Uk and Kwon, Moonsang and Yoon, Chanho and Cho, Sangyeun and Jeong, Jaeheon and Chang, Duckhyun},
 title = {Biscuit: A Framework for Near-data Processing of Big Data Workloads},
 booktitle = {Proceedings of the 43rd International Symposium on Computer Architecture},
 series = {ISCA '16},
 year = {2016},
 isbn = {978-1-4673-8947-1},
 location = {Seoul, Republic of Korea},
 pages = {153--165},
 numpages = {13},
 url = {https://doi.org/10.1109/ISCA.2016.23},
 doi = {10.1109/ISCA.2016.23},
 acmid = {3001154},
 publisher = {IEEE Press},
 address = {Piscataway, NJ, USA},
 keywords = {SSD, in-storage computing, near-data processing},
} 

@inproceedings{gpufs,
 author = {Silberstein, Mark and Ford, Bryan and Keidar, Idit and Witchel, Emmett},
 title = {GPUfs: Integrating a File System with GPUs},
 booktitle = {Proceedings of the Eighteenth International Conference on Architectural Support for Programming Languages and Operating Systems},
 series = {ASPLOS '13},
 year = {2013},
 isbn = {978-1-4503-1870-9},
 location = {Houston, Texas, USA},
 pages = {485--498},
 numpages = {14},
 url = {http://doi.acm.org/10.1145/2451116.2451169},
 doi = {10.1145/2451116.2451169},
 acmid = {2451169},
 publisher = {ACM},
 address = {New York, NY, USA},
 keywords = {accelerators, file systems, gpgpus, operating systems design},
} 

@inproceedings{exokernel,
 author = {Engler, D. R. and Kaashoek, M. F. and O'Toole,Jr., J.},
 title = {{Exokernel: An Operating System Architecture for Application-level Resource Management}},
 booktitle = {Proceedings of the Fifteenth ACM Symposium on Operating Systems Principles},
 series = {SOSP '95},
 year = {1995},
 isbn = {0-89791-715-4},
 location = {Copper Mountain, Colorado, USA},
 pages = {251--266},
 numpages = {16},
 url = {http://doi.acm.org/10.1145/224056.224076},
 doi = {10.1145/224056.224076},
 acmid = {224076},
 publisher = {ACM}
} 

@misc{mcd,
   author={{https://memcached.org}},
   title={{Memcached}},
   howpublished={\url{https://github.com/memcached/memcached}},
   year={2020}
}

@misc{wrk,
   author={Glozer, Will},
   title={{wrk: Modern HTTP benchmarking tool}},
   howpublished={\url{https://github.com/wg/wrk}},
   year={2014}
}

@inproceedings{silo,
author = {Tu, Stephen and Zheng, Wenting and Kohler, Eddie and Liskov, Barbara and Madden, Samuel},
title = {Speedy Transactions in Multicore In-Memory Databases},
year = {2013},
isbn = {9781450323888},
publisher = {Association for Computing Machinery},
address = {New York, NY, USA},
url = {https://doi.org/10.1145/2517349.2522713},
doi = {10.1145/2517349.2522713},
booktitle = {Proceedings of the Twenty-Fourth ACM Symposium on Operating Systems Principles},
pages = {18–32},
numpages = {15},
location = {Farminton, Pennsylvania},
series = {SOSP ’13}
}

@misc{bwgrowth,
author = {{John D'Ambrosia and Scott Kipp}},
title = {{Bandwidth Growth and the Next Speed of Ethernet}},
howpublished = {\url{https://www.nanog.org/meetings/nanog56/presentations/Tuesday/tues.general.kipp.23.pdf}}
}

@misc{amazonec2,
author={{Amazon}},
howpublished = {\url{https://aws.amazon.com/ec2/}},
}

@inproceedings{googleborg,
title = {Large-scale cluster management at {Google} with {Borg}},
author  = {Abhishek Verma and Luis Pedrosa and Madhukar R. Korupolu and David Oppenheimer and Eric Tune and John Wilkes},
year  = 2015,
booktitle = {Proceedings of the European Conference on Computer Systems (EuroSys)},
address = {Bordeaux, France}
}

@misc{microsoftazure,
author={{Microsoft}},
howpublished = {\url{https://azure.microsoft.com}}
}

@misc{fpga,
author={{Field Programmable Gate Arrays \(FPGAs\)}},
howpublished = {\url{https://www.xilinx.com/products/silicon-devices/fpga/what-is-an-fpga.html}},
}

@misc{infiniband,
author={{InfiniBand Cards}},
howpublished = {\url{http://www.mellanox.com/page/infiniband_cards_overview}},
}

@misc{gpu,
author={{Graphics Processing Units}},
howpublished = {\url{http://www.nvidia.com/object/what-is-gpu-computing.html}},
}

@misc{nics,
author={{Intel Ethernet Controllers}},
howpublished = {\url{https://www.intel.com/content/www/us/en/products/network-io/ethernet/controllers.html}},
}

@misc{xeonphi,
author={{INTEL® XEON PHI™ PROCESSORS}},
howpublished = {\url{https://www.intel.com/content/www/us/en/products/processors/xeon-phi/xeon-phi-processors.html}},
}

@misc{intel_ixgbe ,
author={{Intel}},
title={{Linux ixgbe* Base Driver Overview and Installation}},
howpublished = {\url{https://www.intel.com/content/www/us/en/support/articles/000005688/network-and-i-o/ethernet-products.html}},
}


@misc{82599,
author={{Intel 82599 10 Gigabit Ethernet Controller: Datasheet}},
howpublished = {\url{https://www.intel.com/content/www/us/en/embedded/products/networking/82599-10-gbe-controller-datasheet.html}},
}

%https://www.intel.com/content/www/us/en/embedded/products/networking/82599-10-gbe-controller-datasheet.html

@misc{rumpkernel,
author={{Antti Kantee, Justin Cormack}},
title = {{Rump Kernels: No OS? No Problem!}},
howpublished = {\url{https://www.usenix.org/publications/login/october-2014-vol-39-no-5}},
}

@misc{packagecloud,
title={{Monitoring and Tuning the Linux Networking Stack: Receiving Data}},
howpublished = {\url{https://blog.packagecloud.io/eng/2016/06/22/monitoring-tuning-linux-networking-stack-receiving-data}},
}

@misc{intelinterruptmoderation,
title={{IMPROVE NETWORK PERFORMANCE BY SETTING PER-QUEUE INTERRUPT MODERATION IN LINUX}},
author={{Kan Liang, Andi Kleen, and Jesse Brandenburg}},
howpublished = {\url{https://01.org/linux-interrupt-moderation}},
}

@misc{ibmethtool,
title={{Using ethtool to change interrupt rates}},
howpublished = {\url{https://www.ibm.com/support/knowledgecenter/en/SSQPD3_2.6.0/com.ibm.wllm.doc/usingethtoolrates.html}},
}

@misc{cloudflareethtool,
title={{How to achieve low latency with 10Gbps Ethernet}},
author={{Marek Majkowski}},
howpublished = {\url{https://blog.cloudflare.com/how-to-achieve-low-latency/
}},
}

@misc{linuxethtool,
title={{Scaling in the Linux Networking Stack}},
howpublished = {\url{https://www.kernel.org/doc/Documentation/networking/scaling.txt}},
}

@misc{mellanoxethtool,
title={{Performance Tuning Guidelines for Mellanox Network Adapters}},
howpublished = {\url{https://www.mellanox.com/related-docs/prod_software/Performance_Tuning_Guide_for_Mellanox_Network_Adapters_Archive.pdf}},
}

@misc{suseethtool,
title={{Performance Analysis, Tuning and Tools on SUSE Linux Enterprise Products}},
howpublished = {\url{https://www.suse.com/documentation/suse-best-practices/singlehtml/sbp-performance-tuning/sbp-performance-tuning.html#sec.nic_settings}},
}

@misc{intelethtool,
title={{Improving Measured Latency in Linux for Intel® 82575/82576 or X540/82598/82599 Ethernet Controllers}},
howpublished = {\url{https://www.intel.com/content/www/us/en/embedded/products/networking/82575-82576-82598-82599-ethernet-controllers-latency-appl-note.html}},
}

@misc{vmwareethtool,
title={{Best Practices for Performance Tuning of Latency-Sensitive Workloads in vSphere VMs}},
howpublished = {\url{https://www.vmware.com/content/dam/digitalmarketing/vmware/en/pdf/techpaper/vmw-tuning-latency-sensitive-workloads-white-paper.pdf}},
}

@inproceedings{svefacebook,
 author = {{Huang, Qi and Ang, Petchean and Knowles, Peter and Nykiel, Tomasz and Tverdokhlib, Iaroslav and Yajurvedi, Amit and Dapolito,IV, Paul and Yan, Xifan and Bykov, Maxim and Liang, Chuen and Talwar, Mohit and Mathur, Abhishek and Kulkarni, Sachin and Burke, Matthew and Lloyd, Wyatt}},
 title = {{SVE: Distributed Video Processing at Facebook Scale}},
 booktitle = {{Proceedings of the 26th Symposium on Operating Systems Principles}},
 series = {SOSP '17},
 year = {2017},
 isbn = {978-1-4503-5085-3},
 location = {Shanghai, China},
 pages = {87--103},
 numpages = {17},
 url = {http://doi.acm.org/10.1145/3132747.3132775},
 doi = {10.1145/3132747.3132775},
 acmid = {3132775},
 publisher = {ACM},
 address = {New York, NY, USA},
} 

@inproceedings{workloadanalysisfacebook,
 author = {{Atikoglu, Berk and Xu, Yuehai and Frachtenberg, Eitan and Jiang, Song and Paleczny, Mike}},
 title = {{Workload Analysis of a Large-scale Key-value Store}},
 booktitle = {{Proceedings of the 12th ACM SIGMETRICS/PERFORMANCE Joint International Conference on Measurement and Modeling of Computer Systems}},
 series = {SIGMETRICS '12},
 year = {2012},
 isbn = {978-1-4503-1097-0},
 location = {London, England, UK},
 pages = {53--64},
 numpages = {12},
 url = {http://doi.acm.org/10.1145/2254756.2254766},
 doi = {10.1145/2254756.2254766},
 acmid = {2254766},
 publisher = {ACM},
 address = {New York, NY, USA},
 keywords = {key-value store, memcached, workload analysis, workload modeling},
} 

@inproceedings{profilewhscomputer,
 author = {{Kanev, Svilen and Darago, Juan Pablo and Hazelwood, Kim and Ranganathan, Parthasarathy and Moseley, Tipp and Wei, Gu-Yeon and Brooks, David}},
 title = {{Profiling a Warehouse-scale Computer}},
 booktitle = {{Proceedings of the 42Nd Annual International Symposium on Computer Architecture}},
 series = {ISCA '15},
 year = {2015},
 isbn = {978-1-4503-3402-0},
 location = {Portland, Oregon},
 pages = {158--169},
 numpages = {12},
 url = {http://doi.acm.org/10.1145/2749469.2750392},
 doi = {10.1145/2749469.2750392},
 acmid = {2750392},
 publisher = {ACM},
 address = {New York, NY, USA},
} 

@inproceedings {farm,
author = {Aleksandar Dragojevi{\'c} and Dushyanth Narayanan and Miguel Castro and Orion Hodson},
title = {FaRM: Fast Remote Memory},
booktitle = {11th USENIX Symposium on Networked Systems Design and Implementation (NSDI 14)},
year = {2014},
isbn = {978-1-931971-09-6},
address = {Seattle, WA},
pages = {401--414},
url = {https://www.usenix.org/conference/nsdi14/technical-sessions/dragojevi{\'c}},
publisher = {USENIX Association},
}

@article{linuxgrowth,
 author = {Israeli, Ayelet and Feitelson, Dror G.},
 title = {The Linux Kernel As a Case Study in Software Evolution},
 journal = {J. Syst. Softw.},
 issue_date = {March, 2010},
 volume = {83},
 number = {3},
 month = mar,
 year = {2010},
 issn = {0164-1212},
 pages = {485--501},
 numpages = {17},
 url = {http://dx.doi.org/10.1016/j.jss.2009.09.042},
 doi = {10.1016/j.jss.2009.09.042},
 acmid = {1739409},
 publisher = {Elsevier Science Inc.},
 address = {New York, NY, USA},
 keywords = {Lehman's laws, Linux kernel, Software evolution},
}

@misc{nvram,
	author ={{Intel}},
	title={{Intel® Optane™ Technology}},
	howpublished = {\url{https://www.intel.com/content/www/us/en/architecture-and-technology/intel-optane-technology.html}}
}

@inproceedings{k42,
 author = {Krieger, Orran and Auslander, Marc and Rosenburg, Bryan and Wisniewski, Robert W. and Xenidis, Jimi and Da Silva, Dilma and Ostrowski, Michal and Appavoo, Jonathan and Butrico, Maria and Mergen, Mark and Waterland, Amos and Uhlig, Volkmar},
 title = {{K42: Building a Complete Operating System}},
 booktitle = {Proceedings of the 1st ACM SIGOPS/EuroSys European Conference on Computer Systems 2006},
 series = {EuroSys '06},
 year = {2006},
 isbn = {1-59593-322-0},
 pages = {133--145},
 numpages = {13},
 url = {http://doi.acm.org/10.1145/1217935.1217949},
 doi = {10.1145/1217935.1217949},
 acmid = {1217949},
 publisher = {ACM},
 keywords = {customizable operating systems, operating system design, scalable operating systems},
} 

@article{Wisniewski:2008:KLO:1341312.1341316,
 author = {Wisniewski, Robert W. and da Silva, Dilma and Auslander, Marc and Krieger, Orran and Ostrowski, Michal and Rosenburg, Bryan},
 title = {K42: Lessons for the OS Community},
 journal = {SIGOPS Oper. Syst. Rev.},
 issue_date = {January 2008},
 volume = {42},
 number = {1},
 month = jan,
 year = {2008},
 issn = {0163-5980},
 pages = {5--12},
 numpages = {8},
 url = {http://doi.acm.org/10.1145/1341312.1341316},
 doi = {10.1145/1341312.1341316},
 acmid = {1341316},
 publisher = {ACM},
 address = {New York, NY, USA},
} 

@inproceedings{pike2000systems,
  title={Systems software research is irrelevant},
  author={Pike, Rob},
  year={2000},
  owpublished = {\url{http://herpolhode.com/rob/utah2000.pdf}},
}

@inproceedings{Ghemawat:2003:GFS:945445.945450,
 author = {Ghemawat, Sanjay and Gobioff, Howard and Leung, Shun-Tak},
 title = {The Google File System},
 booktitle = {Proceedings of the Nineteenth ACM Symposium on Operating Systems Principles},
 series = {SOSP '03},
 year = {2003},
 isbn = {1-58113-757-5},
 location = {Bolton Landing, NY, USA},
 pages = {29--43},
 numpages = {15},
 url = {http://doi.acm.org/10.1145/945445.945450},
 doi = {10.1145/945445.945450},
 acmid = {945450},
 publisher = {ACM},
 address = {New York, NY, USA},
 keywords = {clustered storage, data storage, fault tolerance, scalability},
} 

@inproceedings{Hindman:2011:MPF:1972457.1972488,
 author = {Hindman, Benjamin and Konwinski, Andy and Zaharia, Matei and Ghodsi, Ali and Joseph, Anthony D. and Katz, Randy and Shenker, Scott and Stoica, Ion},
 title = {Mesos: A Platform for Fine-grained Resource Sharing in the Data Center},
 booktitle = {Proceedings of the 8th USENIX Conference on Networked Systems Design and Implementation},
 series = {NSDI'11},
 year = {2011},
 location = {Boston, MA},
 pages = {295--308},
 numpages = {14},
 url = {http://dl.acm.org/citation.cfm?id=1972457.1972488},
 acmid = {1972488},
 publisher = {USENIX Association},
 address = {Berkeley, CA, USA},
}

@incollection{Wulf:2000:reflection,
 author = {Wulf, William A. and Harbison, Samuel P.},
 chapter = {Reflections in a Pool of Processors\&Mdash;an Experience Report on C.Mmp/Hydra},
 title = {Readings in Computer Architecture},
 editor = {Hill, Mark D. and Jouppi, Norman P. and Sohi, Gurindar S.},
 year = {2000},
 isbn = {1-55860-539-8},
 pages = {561--573},
 numpages = {13},
 url = {http://dl.acm.org/citation.cfm?id=333067.333232},
 acmid = {333232},
 publisher = {Morgan Kaufmann Publishers Inc.},
 address = {San Francisco, CA, USA},
} 

@inproceedings{Schwarzkopf:2013:NWO:2500727.2500739,
 author = {Schwarzkopf, Malte and Grosvenor, Matthew P. and Hand, Steven},
 title = {New Wine in Old Skins: The Case for Distributed Operating Systems in the Data Center},
 booktitle = {Proceedings of the 4th Asia-Pacific Workshop on Systems},
 series = {APSys '13},
 year = {2013},
 isbn = {978-1-4503-2316-1},
 location = {Singapore, Singapore},
 pages = {9:1--9:7},
 articleno = {9},
 numpages = {7},
 url = {http://doi.acm.org/10.1145/2500727.2500739},
 doi = {10.1145/2500727.2500739},
 acmid = {2500739},
 publisher = {ACM},
 address = {New York, NY, USA},
} 

@inproceedings{Vasilakis:2015:LDG:2831090.2831105,
 author = {Vasilakis, Nikos and Karel, Ben and Smith, Jonathan M.},
 title = {From Lone Dwarfs to Giant Superclusters: Rethinking Operating System Abstractions for the Cloud},
 booktitle = {Proceedings of the 15th USENIX Conference on Hot Topics in Operating Systems},
 series = {HOTOS'15},
 year = {2015},
 location = {Switzerland},
 pages = {15--15},
 numpages = {1},
 url = {http://dl.acm.org/citation.cfm?id=2831090.2831105},
 acmid = {2831105},
 publisher = {USENIX Association},
 address = {Berkeley, CA, USA},
}

@book{Barroso:2009:DCI:1643608,
 author = {Barroso, Luiz Andre and Hoelzle, Urs},
 title = {The Datacenter As a Computer: An Introduction to the Design of Warehouse-Scale Machines},
 year = {2009},
 isbn = {159829556X, 9781598295566},
 edition = {1st},
 publisher = {Morgan and Claypool Publishers},
}

@inproceedings{zk,
 author = {Hunt, Patrick and Konar, Mahadev and Junqueira, Flavio P. and Reed, Benjamin},
 title = {{ZooKeeper: Wait-free Coordination for Internet-scale Systems}},
 booktitle = {Proceedings of the 2010 USENIX Conference on USENIX Annual Technical Conference},
 series = {USENIXATC'10},
 year = {2010},
 location = {Boston, MA},
 pages = {11--11},
 numpages = {1},
 url = {http://dl.acm.org/citation.cfm?id=1855840.1855851},
 acmid = {1855851},
 publisher = {USENIX Association},
 address = {Berkeley, CA, USA},
} 

@inproceedings{Adams:2006:CSH:1168857.1168860,
 author = {Adams, Keith and Agesen, Ole},
 title = {A Comparison of Software and Hardware Techniques for x86 Virtualization},
 booktitle = {Proceedings of the 12th International Conference on Architectural Support for Programming Languages and Operating Systems},
 series = {ASPLOS XII},
 year = {2006},
 isbn = {1-59593-451-0},
 location = {San Jose, California, USA},
 pages = {2--13},
 numpages = {12},
 url = {http://doi.acm.org/10.1145/1168857.1168860},
 doi = {10.1145/1168857.1168860},
 acmid = {1168860},
 publisher = {ACM},
 address = {New York, NY, USA},
 keywords = {MMU, SVM, TLB, VT, dynamic binary translation, nested paging, virtual machine monitor, virtualization, x86},
}

@inproceedings{Barham:2003:XAV:945445.945462,
 author = {Barham, Paul and Dragovic, Boris and Fraser, Keir and Hand, Steven and Harris, Tim and Ho, Alex and Neugebauer, Rolf and Pratt, Ian and Warfield, Andrew},
 title = {Xen and the Art of Virtualization},
 booktitle = {Proceedings of the Nineteenth ACM Symposium on Operating Systems Principles},
 series = {SOSP '03},
 year = {2003},
 isbn = {1-58113-757-5},
 location = {Bolton Landing, NY, USA},
 pages = {164--177},
 numpages = {14},
 url = {http://doi.acm.org/10.1145/945445.945462},
 doi = {10.1145/945445.945462},
 acmid = {945462},
 publisher = {ACM},
 address = {New York, NY, USA},
 keywords = {hypervisors, paravirtualization, virtual machine monitors},
} 

@inproceedings{Zaharia:2010:SCC:1863103.1863113,
 author = {Zaharia, Matei and Chowdhury, Mosharaf and Franklin, Michael J. and Shenker, Scott and Stoica, Ion},
 title = {Spark: Cluster Computing with Working Sets},
 booktitle = {Proceedings of the 2Nd USENIX Conference on Hot Topics in Cloud Computing},
 series = {HotCloud'10},
 year = {2010},
 location = {Boston, MA},
 pages = {10--10},
 numpages = {1},
 url = {http://dl.acm.org/citation.cfm?id=1863103.1863113},
 acmid = {1863113},
 publisher = {USENIX Association},
 address = {Berkeley, CA, USA},
}

@ARTICLE{sos,
    author = {Marc Shapiro and Yvon Gourhant and Sabine Habert and Laurence Mosseri and Michel Ruffin and Céline Valot},
    title = {SOS: An Object-Oriented Operating System - Assessment and Perspectives},
    journal = {Computing Systems},
    year = {1991},
    volume = {2},
    pages = {287--337}
}

@inproceedings {222583,
author = {Henry Qin and Qian Li and Jacqueline Speiser and Peter Kraft and John Ousterhout},
title = {Arachne: Core-Aware Thread Management},
booktitle = {13th {USENIX} Symposium on Operating Systems Design and Implementation ({OSDI} 18)},
year = {2018},
isbn = {978-1-939133-08-3},
address = {Carlsbad, CA},
pages = {145--160},
url = {https://www.usenix.org/conference/osdi18/presentation/qin},
publisher = {{USENIX} Association},
month = oct,
}

@article{Armbrust:2010:VCC:1721654.1721672,
 author = {Armbrust, Michael and Fox, Armando and Griffith, Rean and Joseph, Anthony D. and Katz, Randy and Konwinski, Andy and Lee, Gunho and Patterson, David and Rabkin, Ariel and Stoica, Ion and Zaharia, Matei},
 title = {A View of Cloud Computing},
 journal = {Commun. ACM},
 issue_date = {April 2010},
 volume = {53},
 number = {4},
 month = apr,
 year = {2010},
 issn = {0001-0782},
 pages = {50--58},
 numpages = {9},
 url = {http://doi.acm.org/10.1145/1721654.1721672},
 doi = {10.1145/1721654.1721672},
 acmid = {1721672},
 publisher = {ACM},
 address = {New York, NY, USA},
}

@article{memcached,
 author = {Fitzpatrick, Brad},
 title = {{Distributed Caching with Memcached}},
 journal = {Linux Journal},
 issue_date = {August 2004},
 volume = {2004},
 number = {124},
 month = aug,
 year = {2004},
 issn = {1075-3583},
 pages = {5},
 url = {http://dl.acm.org/citation.cfm?id=1012889.1012894},
 acmid = {1012894},
 publisher = {Belltown Media}
} 

@inproceedings{Gamsa1999Tornado,
 author = {Gamsa, Ben and Krieger, Orran and Appavoo, Jonathan and Stumm, Michael},
 title = {Tornado: Maximizing Locality and Concurrency in a Shared Memory Multiprocessor Operating System},
 booktitle = {Proceedings of the Third Symposium on Operating Systems Design and Implementation},
 series = {OSDI '99},
 year = {1999},
 isbn = {1-880446-39-1},
 location = {New Orleans, Louisiana, USA},
 pages = {87--100},
 numpages = {14},
 url = {http://dl.acm.org/citation.cfm?id=296806.296814},
 acmid = {296814},
 publisher = {USENIX Association},
 address = {Berkeley, CA, USA},
}

@ARTICLE{5621843, 
author={J. Howard and S. Dighe and S. R. Vangal and G. Ruhl and N. Borkar and S. Jain and V. Erraguntla and M. Konow and M. Riepen and M. Gries and G. Droege and T. Lund-Larsen and S. Steibl and S. Borkar and V. K. De and R. Van Der Wijngaart}, 
journal={IEEE Journal of Solid-State Circuits}, 
title={A 48-Core IA-32 Processor in 45 nm CMOS Using On-Die Message-Passing and DVFS for Performance and Power Scaling}, 
year={2011}, 
volume={46}, 
number={1}, 
pages={173-183}, 
keywords={CMOS integrated circuits;integrated circuit design;message passing;microprocessor chips;network-on-chip;power aware computing;shared memory systems;telecommunication network routing;voltage regulators;2D-mesh network-on-chip architecture;45 nm CMOS;48-core IA-32 processor;DDR3 memory channels;DVFS;core-to-core communication;dynamic voltage frequency scaling;fine grain power management;five-port virtual cut-through packet-switched router;multicore processor;on-die message-passing;on-die shared memory;voltage regulator controller;Bandwidth;Computer architecture;Message passing;Routing;Software;Voltage control;2D-routing;CMOS digital integrated circuits;DDR3 controllers;IA-32;dynamic voltage frequency scaling (DVFS);message passing;network-on-chip (NoC)}, 
doi={10.1109/JSSC.2010.2079450}, 
ISSN={0018-9200}, 
month={Jan},}

@article{Bugnion:1997:disco,
 author = {Bugnion, Edouard and Devine, Scott and Govil, Kinshuk and Rosenblum, Mendel},
 title = {Disco: Running Commodity Operating Systems on Scalable Multiprocessors},
 journal = {ACM Trans. Comput. Syst.},
 issue_date = {Nov. 1997},
 volume = {15},
 number = {4},
 month = nov,
 year = {1997},
 issn = {0734-2071},
 pages = {412--447},
 numpages = {36},
 url = {http://doi.acm.org/10.1145/265924.265930},
 doi = {10.1145/265924.265930},
 acmid = {265930},
 publisher = {ACM},
 address = {New York, NY, USA},
 keywords = {scalable multiprocessors, virtual machines},
} 

@article{Ousterhout1988,
 author = {Ousterhout, John K. and Cherenson, Andrew R. and Douglis, Frederick and Nelson, Michael N. and Welch, Brent B.},
 title = {{The Sprite Network Operating System}},
 journal = {Computer},
 issue_date = {February 1988},
 volume = {21},
 number = {2},
 month = feb,
 year = {1988},
 issn = {0018-9162},
 pages = {23--36},
 numpages = {14},
 url = {http://dx.doi.org/10.1109/2.16},
 doi = {10.1109/2.16},
 acmid = {44838},
 publisher = {IEEE Computer Society Press},
 address = {Los Alamitos, CA, USA},
}

@ARTICLE{Cheriton94optimizedmemorybased,
    author = {David Cheriton and Robert A. Kutter},
    title = {{Optimized Memory-Based Messaging: Leveraging the Memory System for High-Performance Communication}},
    journal = {Computing Systems},
    year = {1994},
    volume = {9}
}

@article{cmos,
	author={{Semiconductor Industry Association}},
    title={{2015 International Technology Roadmap for Semiconductors (ITRS)}},
    year = {2015}
}

@article{Lauer,
 author = {Lauer, Hugh C. and Needham, Roger M.},
 title = {{On the Duality of Operating System Structures}},
 journal = {SIGOPS Oper. Syst. Rev.},
 issue_date = {April 1979},
 volume = {13},
 number = {2},
 month = apr,
 year = {1979},
 issn = {0163-5980},
 pages = {3--19},
 numpages = {17},
 url = {http://doi.acm.org/10.1145/850657.850658},
 doi = {10.1145/850657.850658},
 acmid = {850658},
 publisher = {ACM},
 address = {New York, NY, USA},
} 

@article{Wulf1974,
 author = {Wulf, W. and Cohen, E. and Corwin, W. and Jones, A. and Levin, R. and Pierson, C. and Pollack, F.},
 title = {{HYDRA: The Kernel of a Multiprocessor Operating System}},
 journal = {Commun. ACM},
 issue_date = {June 1974},
 volume = {17},
 number = {6},
 month = jun,
 year = {1974},
 issn = {0001-0782},
 pages = {337--345},
 numpages = {9},
 url = {http://doi.acm.org/10.1145/355616.364017},
 doi = {10.1145/355616.364017},
 acmid = {364017},
 publisher = {ACM},
 address = {New York, NY, USA},
 keywords = {kernel, nucleus, operating system, protection, security},
} 

@inproceedings{RashidRIGAccentMach,
 author = {Rashid, Richard F.},
 title = {{From RIG to Accent to Mach: The Evolution of a Network Operating System}},
 booktitle = {Proceedings of 1986 ACM Fall Joint Computer Conference},
 series = {ACM '86},
 year = {1986},
 isbn = {0-8186-4743-4},
 location = {Dallas, Texas, USA},
 pages = {1128--1137},
 numpages = {10},
 url = {http://dl.acm.org/citation.cfm?id=324493.325071},
 acmid = {325071},
 publisher = {IEEE Computer Society Press},
 address = {Los Alamitos, CA, USA},
} 

@inproceedings{Young1987,
 author = {Young, M. and Tevanian, A. and Rashid, R. and Golub, D. and Eppinger, J.},
 title = {{The Duality of Memory and Communication in the Implementation of a Multiprocessor Operating System}},
 booktitle = {Proceedings of the Eleventh ACM Symposium on Operating Systems Principles},
 series = {SOSP '87},
 year = {1987},
 isbn = {0-89791-242-X},
 location = {Austin, Texas, USA},
 pages = {63--76},
 numpages = {14},
 url = {http://doi.acm.org/10.1145/41457.37507},
 doi = {10.1145/41457.37507},
 acmid = {37507},
 publisher = {ACM},
 address = {New York, NY, USA},
} 

@article{Cheriton1988V,
 author = {Cheriton, David},
 title = {{The V Distributed System}},
 journal = {Commun. ACM},
 issue_date = {March 1988},
 volume = {31},
 number = {3},
 month = mar,
 year = {1988},
 issn = {0001-0782},
 pages = {314--333},
 numpages = {20},
 url = {http://doi.acm.org/10.1145/42392.42400},
 doi = {10.1145/42392.42400},
 acmid = {42400},
 publisher = {ACM},
 address = {New York, NY, USA},
}

@inproceedings{Cheriton1987VMTP,
 author = {Cheriton, D},
 title = {{VMTP: A Transport Protocol for the Next Generation of Communication Systems}},
 booktitle = {Proceedings of the ACM SIGCOMM Conference on Communications Architectures \&Amp; Protocols},
 series = {SIGCOMM '86},
 year = {1986},
 isbn = {0-89791-201-2},
 location = {Stowe, Vermont, USA},
 pages = {406--415},
 numpages = {10},
 url = {http://doi.acm.org/10.1145/18172.18217},
 doi = {10.1145/18172.18217},
 acmid = {18217},
 publisher = {ACM},
 address = {New York, NY, USA},
} 

@article{tailatscale,
 author = {{Dean, Jeffrey and Barroso, Luiz Andr{\'e}}},
 title = {{The Tail at Scale}},
 journal = {Commun. ACM},
 issue_date = {February 2013},
 volume = {56},
 number = {2},
 month = feb,
 year = {2013},
 issn = {0001-0782},
 pages = {74--80},
 numpages = {7},
 url = {http://doi.acm.org/10.1145/2408776.2408794},
 doi = {10.1145/2408776.2408794},
 acmid = {2408794},
 publisher = {ACM},
 address = {New York, NY, USA},
} 

@inproceedings {scalingmcdfacebook,
author = {{Rajesh Nishtala and Hans Fugal and Steven Grimm and Marc Kwiatkowski and Herman Lee and Harry C. Li and Ryan McElroy and Mike Paleczny and Daniel Peek and Paul Saab and David Stafford and Tony Tung and Venkateshwaran Venkataramani}},
title = {{Scaling Memcache at Facebook}},
booktitle = {Presented as part of the 10th {USENIX} Symposium on Networked Systems Design and Implementation ({NSDI} 13)},
year = {2013},
isbn = {978-1-931971-00-3},
address = {Lombard, IL},
pages = {385--398},
url = {https://www.usenix.org/conference/nsdi13/technical-sessions/presentation/nishtala},
publisher = {{USENIX}},
}

@inproceedings{omnixsilberstein,
 author = {{Silberstein, Mark}},
 title = {{OmniX: An Accelerator-centric OS for Omni-programmable Systems}},
 booktitle = {{Proceedings of the 16th Workshop on Hot Topics in Operating Systems}},
 series = {HotOS '17},
 year = {2017},
 isbn = {978-1-4503-5068-6},
 location = {Whistler, BC, Canada},
 pages = {69--75},
 numpages = {7},
 url = {http://doi.acm.org/10.1145/3102980.3102992},
 doi = {10.1145/3102980.3102992},
 acmid = {3102992},
 publisher = {ACM},
 address = {New York, NY, USA},
} 

@inproceedings{neardataprocess,
 author = {{Barbalace, Antonio and Iliopoulos, Anthony and Rauchfuss, Holm and Brasche, Goetz}},
 title = {{It's Time to Think About an Operating System for Near Data Processing Architectures}},
 booktitle = {{Proceedings of the 16th Workshop on Hot Topics in Operating Systems}},
 series = {HotOS '17},
 year = {2017},
 isbn = {978-1-4503-5068-6},
 location = {Whistler, BC, Canada},
 pages = {56--61},
 numpages = {6},
 url = {http://doi.acm.org/10.1145/3102980.3102990},
 doi = {10.1145/3102980.3102990},
 acmid = {3102990},
 publisher = {ACM},
 address = {New York, NY, USA},
 keywords = {Near data processing, decentralized resource control, multiple kernels OS, single protection domain},
} 

@ARTICLE{ndp1,
author={{R. Balasubramonian and J. Chang and T. Manning and J. H. Moreno and R. Murphy and R. Nair and S. Swanson}},
journal={IEEE Micro},
title={{Near-Data Processing: Insights from a MICRO-46 Workshop}},
year={2014},
volume={34},
number={4},
pages={36-42},
keywords={Computer architecture;Big data;Bandwidth allocation;Costs;Computational modeling;History;Distributed databases;near-data processing;big data;data movement;history of computing},
doi={10.1109/MM.2014.55},
ISSN={0272-1732},
month={July},}

@inproceedings{tpu,
 author = {{Jouppi, Norman P. and Young, Cliff and Patil, Nishant and Patterson, David and Agrawal, Gaurav and Bajwa, Raminder and Bates, Sarah and Bhatia, Suresh and Boden, Nan and Borchers, Al and Boyle, Rick and Cantin, Pierre-luc and Chao, Clifford and Clark, Chris and Coriell, Jeremy and Daley, Mike and Dau, Matt and Dean, Jeffrey and Gelb, Ben and Ghaemmaghami, Tara Vazir and Gottipati, Rajendra and Gulland, William and Hagmann, Robert and Ho, C. Richard and Hogberg, Doug and Hu, John and Hundt, Robert and Hurt, Dan and Ibarz, Julian and Jaffey, Aaron and Jaworski, Alek and Kaplan, Alexander and Khaitan, Harshit and Killebrew, Daniel and Koch, Andy and Kumar, Naveen and Lacy, Steve and Laudon, James and Law, James and Le, Diemthu and Leary, Chris and Liu, Zhuyuan and Lucke, Kyle and Lundin, Alan and MacKean, Gordon and Maggiore, Adriana and Mahony, Maire and Miller, Kieran and Nagarajan, Rahul and Narayanaswami, Ravi and Ni, Ray and Nix, Kathy and Norrie, Thomas and Omernick, Mark and Penukonda, Narayana and Phelps, Andy and Ross, Jonathan and Ross, Matt and Salek, Amir and Samadiani, Emad and Severn, Chris and Sizikov, Gregory and Snelham, Matthew and Souter, Jed and Steinberg, Dan and Swing, Andy and Tan, Mercedes and Thorson, Gregory and Tian, Bo and Toma, Horia and Tuttle, Erick and Vasudevan, Vijay and Walter, Richard and Wang, Walter and Wilcox, Eric and Yoon, Doe Hyun}},
 title = {{In-Datacenter Performance Analysis of a Tensor Processing Unit}},
 booktitle = {{Proceedings of the 44th Annual International Symposium on Computer Architecture}},
 series = {ISCA '17},
 year = {2017},
 isbn = {978-1-4503-4892-8},
 location = {Toronto, ON, Canada},
 pages = {1--12},
 numpages = {12},
 url = {http://doi.acm.org/10.1145/3079856.3080246},
 doi = {10.1145/3079856.3080246},
 acmid = {3080246},
 publisher = {ACM},
 address = {New York, NY, USA},
 keywords = {CNN, DNN, GPU, LSTM, MLP, RNN, TPU, TensorFlow, accelerator, deep learning, domain-specific architecture, neural network},
} 

@inproceedings{dpu,
 author = {{Agrawal, Sandeep R and Idicula, Sam and Raghavan, Arun and Vlachos, Evangelos and Govindaraju, Venkatraman and Varadarajan, Venkatanathan and Balkesen, Cagri and Giannikis, Georgios and Roth, Charlie and Agarwal, Nipun and Sedlar, Eric}},
 title = {{A Many-core Architecture for In-memory Data Processing}},
 booktitle = {{Proceedings of the 50th Annual IEEE/ACM International Symposium on Microarchitecture}},
 series = {MICRO-50 '17},
 year = {2017},
 isbn = {978-1-4503-4952-9},
 location = {Cambridge, Massachusetts},
 pages = {245--258},
 numpages = {14},
 url = {http://doi.acm.org/10.1145/3123939.3123985},
 doi = {10.1145/3123939.3123985},
 acmid = {3123985},
 publisher = {ACM},
 address = {New York, NY, USA},
 keywords = {DPU, accelerator, analytics processor, big data, data movement system, databases, in-memory data processing, low power, microarchitecture},
} 

@inproceedings{aliraza,
 author = {Raza, Ali and Sohal, Parul and Cadden, James and Appavoo, Jonathan and Drepper, Ulrich and Jones, Richard and Krieger, Orran and Mancuso, Renato and Woodman, Larry},
 title = {Unikernels: The Next Stage of Linux’s Dominance},
 year = {2019},
 isbn = {9781450367271},
 publisher = {Association for Computing Machinery},
 address = {New York, NY, USA},
 url = {https://doi.org/10.1145/3317550.3321445},
 doi = {10.1145/3317550.3321445},
 booktitle = {Proceedings of the Workshop on Hot Topics in Operating Systems},
 pages = {7–13},
 numpages = {7},
 keywords = {Operating Systems, Library Operating Systems, Unikernels, Linux},
 location = {Bertinoro, Italy},
 series = {HotOS ’19}
}



@inproceedings{unikernels,
 author = {Madhavapeddy, Anil and Mortier, Richard and Rotsos, Charalampos and Scott, David and Singh, Balraj and Gazagnaire, Thomas and Smith, Steven and Hand, Steven and Crowcroft, Jon},
 title = {Unikernels: Library Operating Systems for the Cloud},
 booktitle = {Proceedings of the Eighteenth International Conference on Architectural Support for Programming Languages and Operating Systems},
 series = {ASPLOS '13},
 year = {2013},
 isbn = {978-1-4503-1870-9},
 location = {Houston, Texas, USA},
 pages = {461--472},
 numpages = {12},
 url = {http://doi.acm.org/10.1145/2451116.2451167},
 doi = {10.1145/2451116.2451167},
 acmid = {2451167},
 publisher = {ACM},
 address = {New York, NY, USA},
 keywords = {functional programming, hypervisor, microkernel},
} 

@inproceedings {legoos,
author = {Yizhou Shan and Yutong Huang and Yilun Chen and Yiying Zhang},
title = {LegoOS: A Disseminated, Distributed {OS} for Hardware Resource Disaggregation},
booktitle = {13th {USENIX} Symposium on Operating Systems Design and Implementation ({OSDI} 18)},
year = {2018},
isbn = {978-1-931971-47-8},
address = {Carlsbad, CA},
pages = {69--87},
url = {https://www.usenix.org/conference/osdi18/presentation/shan},
publisher = {{USENIX} Association},
}

@inproceedings{Kadav:2012:UMD:2150976.2150987,
 author = {Kadav, Asim and Swift, Michael M.},
 title = {Understanding Modern Device Drivers},
 booktitle = {Proceedings of the Seventeenth International Conference on Architectural Support for Programming Languages and Operating Systems},
 series = {ASPLOS XVII},
 year = {2012},
 isbn = {978-1-4503-0759-8},
 location = {London, England, UK},
 pages = {87--98},
 numpages = {12},
 url = {http://doi.acm.org/10.1145/2150976.2150987},
 doi = {10.1145/2150976.2150987},
 acmid = {2150987},
 publisher = {ACM},
 address = {New York, NY, USA},
 keywords = {device drivers, measurement},
} 

@inproceedings{LeVasseur:2004:UDD:1251254.1251256,
 author = {LeVasseur, Joshua and Uhlig, Volkmar and Stoess, Jan and G\"{o}tz, Stefan},
 title = {Unmodified Device Driver Reuse and Improved System Dependability via Virtual Machines},
 booktitle = {Proceedings of the 6th Conference on Symposium on Opearting Systems Design \& Implementation - Volume 6},
 series = {OSDI'04},
 year = {2004},
 location = {San Francisco, CA},
 pages = {2--2},
 numpages = {1},
 url = {http://dl.acm.org/citation.cfm?id=1251254.1251256},
 acmid = {1251256},
 publisher = {USENIX Association},
 address = {Berkeley, CA, USA},
} 

@article{p4,
 author = {Bosshart, Pat and Daly, Dan and Gibb, Glen and Izzard, Martin and McKeown, Nick and Rexford, Jennifer and Schlesinger, Cole and Talayco, Dan and Vahdat, Amin and Varghese, George and et al.},
 title = {P4: Programming Protocol-Independent Packet Processors},
 year = {2014},
 issue_date = {July 2014},
 publisher = {Association for Computing Machinery},
 address = {New York, NY, USA},
 volume = {44},
 number = {3},
 issn = {0146-4833},
 url = {https://doi.org/10.1145/2656877.2656890},
 doi = {10.1145/2656877.2656890},
 journal = {SIGCOMM Comput. Commun. Rev.},
 month = jul,
 pages = {87–95},
 numpages = {9},
 keywords = {p4, sdn, reconfigurability, protocol-independent}
}

@inproceedings{shenango,
 author = {Ousterhout, Amy and Fried, Joshua and Behrens, Jonathan and Belay, Adam and Balakrishnan, Hari},
 title = {Shenango: Achieving High CPU Efficiency for Latency-Sensitive Datacenter Workloads},
 year = {2019},
 isbn = {9781931971492},
 publisher = {USENIX Association},
 address = {USA},
 booktitle = {Proceedings of the 16th USENIX Conference on Networked Systems Design and Implementation},
 pages = {361–377},
 numpages = {17},
 location = {Boston, MA, USA},
 series = {NSDI’19}
}



@inproceedings{Ryzhyk:2009:DTD:1519065.1519095,
 author = {Ryzhyk, Leonid and Chubb, Peter and Kuz, Ihor and Heiser, Gernot},
 title = {Dingo: Taming Device Drivers},
 booktitle = {Proceedings of the 4th ACM European Conference on Computer Systems},
 series = {EuroSys '09},
 year = {2009},
 isbn = {978-1-60558-482-9},
 location = {Nuremberg, Germany},
 pages = {275--288},
 numpages = {14},
 url = {http://doi.acm.org/10.1145/1519065.1519095},
 doi = {10.1145/1519065.1519095},
 acmid = {1519095},
 publisher = {ACM},
 address = {New York, NY, USA},
 keywords = {concurrent programming, device drivers, domain-specific languages, fault avoidance, reliability},
} 

@inproceedings{Schupbach:2011:DLA:1950365.1950382,
 author = {Sch\"{u}pbach, Adrian and Baumann, Andrew and Roscoe, Timothy and Peter, Simon},
 title = {A Declarative Language Approach to Device Configuration},
 booktitle = {Proceedings of the Sixteenth International Conference on Architectural Support for Programming Languages and Operating Systems},
 series = {ASPLOS XVI},
 year = {2011},
 isbn = {978-1-4503-0266-1},
 location = {Newport Beach, California, USA},
 pages = {119--132},
 numpages = {14},
 url = {http://doi.acm.org/10.1145/1950365.1950382},
 doi = {10.1145/1950365.1950382},
 acmid = {1950382},
 publisher = {ACM},
 address = {New York, NY, USA},
 keywords = {constraint logic programming, eclipse clp, hardware programming, pci configuration},
} 

@inproceedings{Renzelmann:2009:DMD:1855807.1855821,
 author = {Renzelmann, Matthew J. and Swift, Michael M.},
 title = {Decaf: Moving Device Drivers to a Modern Language},
 booktitle = {Proceedings of the 2009 Conference on USENIX Annual Technical Conference},
 series = {USENIX'09},
 year = {2009},
 location = {San Diego, California},
 pages = {14--14},
 numpages = {1},
 url = {http://dl.acm.org/citation.cfm?id=1855807.1855821},
 acmid = {1855821},
 publisher = {USENIX Association},
 address = {Berkeley, CA, USA},
} 

@inproceedings{Ganapathy:2008:DIM:1346281.1346303,
 author = {Ganapathy, Vinod and Renzelmann, Matthew J. and Balakrishnan, Arini and Swift, Michael M. and Jha, Somesh},
 title = {The Design and Implementation of Microdrivers},
 booktitle = {Proceedings of the 13th International Conference on Architectural Support for Programming Languages and Operating Systems},
 series = {ASPLOS XIII},
 year = {2008},
 isbn = {978-1-59593-958-6},
 location = {Seattle, WA, USA},
 pages = {168--178},
 numpages = {11},
 url = {http://doi.acm.org/10.1145/1346281.1346303},
 doi = {10.1145/1346281.1346303},
 acmid = {1346303},
 publisher = {ACM},
 address = {New York, NY, USA},
 keywords = {device drivers, program partitioning, reliability},
} 

@inproceedings{Ryzhyk:2010:CAD:1851276.1851283,
 author = {Ryzhyk, Leonid and Zhu, Yanjin and Heiser, Gernot},
 title = {The Case for Active Device Drivers},
 booktitle = {Proceedings of the First ACM Asia-pacific Workshop on Workshop on Systems},
 series = {APSys '10},
 year = {2010},
 isbn = {978-1-4503-0195-4},
 location = {New Delhi, India},
 pages = {25--30},
 numpages = {6},
 url = {http://doi.acm.org/10.1145/1851276.1851283},
 doi = {10.1145/1851276.1851283},
 acmid = {1851283},
 publisher = {ACM},
 address = {New York, NY, USA},
 keywords = {concurrency, device drivers, stack ripping},
} 

@inproceedings{Ryzhyk:2014:UDD:2685048.2685101,
 author = {Ryzhyk, Leonid and Walker, Adam and Keys, John and Legg, Alexander and Raghunath, Arun and Stumm, Michael and Vij, Mona},
 title = {User-guided Device Driver Synthesis},
 booktitle = {Proceedings of the 11th USENIX Conference on Operating Systems Design and Implementation},
 series = {OSDI'14},
 year = {2014},
 isbn = {978-1-931971-16-4},
 location = {Broomfield, CO},
 pages = {661--676},
 numpages = {16},
 url = {http://dl.acm.org/citation.cfm?id=2685048.2685101},
 acmid = {2685101},
 publisher = {USENIX Association},
 address = {Berkeley, CA, USA},
} 

@inproceedings{Ball:2006:TSA:1217935.1217943,
 author = {Ball, Thomas and Bounimova, Ella and Cook, Byron and Levin, Vladimir and Lichtenberg, Jakob and McGarvey, Con and Ondrusek, Bohus and Rajamani, Sriram K. and Ustuner, Abdullah},
 title = {Thorough Static Analysis of Device Drivers},
 booktitle = {Proceedings of the 1st ACM SIGOPS/EuroSys European Conference on Computer Systems 2006},
 series = {EuroSys '06},
 year = {2006},
 isbn = {1-59593-322-0},
 location = {Leuven, Belgium},
 pages = {73--85},
 numpages = {13},
 url = {http://doi.acm.org/10.1145/1217935.1217943},
 doi = {10.1145/1217935.1217943},
 acmid = {1217943},
 publisher = {ACM},
 address = {New York, NY, USA},
 keywords = {formal verification, software model checking},
} 

